@Misc{amazon-disc-pricing,
  author = {Adam Tanner},
  title = {{Different customers, Different prices, Thanks to big data}},
  month = {March 21},
  year = {2014},
  note = {\url{http://www.forbes.com/sites/adamtanner/2014/03/26/different-customers-different-prices-thanks-to-big-data/}}
}

@article{narayanan2010myths,
  title={{Myths and fallacies of personally identifiable information}},
  author={Narayanan, Arvind and Shmatikov, Vitaly},
  journal={Communications of the ACM},
  volume={53},
  number={6},
  pages={24--26},
  year={2010},
  publisher={ACM}
}

@inproceedings{narayanan2008robust,
  title={{Robust de-anonymization of large sparse datasets}},
  author={Narayanan, Arvind and Shmatikov, Vitaly},
  crossref={IEEESP08},
  pages={111--125},
}

@techreport{aes-ni,
  title={{Intel advanced encryption standard instructions (AES-NI)}},
  author={Rott, Jeffrey},
  year={2010},
  institution={Technical report, Intel}
}

@article{levin1987one,
  title={{One way functions and pseudorandom generators}},
  author={Levin, Leonid A},
  journal={Combinatorica},
  volume={7},
  number={4},
  pages={357--363},
  year={1987},
  publisher={Springer}
}

@Misc{travel-pricing,
  author = {Rick Seaney},
  title = {{Do Cookies Really Raise Airfares?}},
  month = {April 30},
  year = {2013},
  note = {\url{http://www.usatoday.com/story/travel/columnist/seaney/2013/04/30/airfare-expert-do-cookies-really-raise-airfares/2121981/}}
}

@Misc{aws-decreasing,
  author={Yoav Mor},
  title = {{Analyzing AWS EC2 Price Drops over the Past 5 Years}},
  month = {November 15},
  year = {2015},
  note = {\url{https://www.cloudyn.com/blog/analyzing-aws-ec2-price-drops-over-the-past-5-years/}}
}

@inproceedings{tewari2002wcdp,
  title={{WCDP: A protocol for web cache consistency}},
  author={Tewari, Renu and Niranjan, Thirumale and Ramamurthy, Srikanth},
  booktitle={Proceedings of the 7th Web Caching Workshop},
  year={2002},
  organization={Citeseer}
}

@inproceedings{chi2008novel,
  title={{A novel ownership scheme to maintain web content consistency}},
  author={Chi, Chi-Hung and Chua, Choon-Keng and Song, Weihong},
  booktitle={International Conference on Grid and Pervasive Computing},
  pages={352--363},
  year={2008},
  organization={Springer}
}
@inproceedings{yao2,
  author    = {Andrew Chi{-}Chih Yao},
  title     = {{How to generate and exchange secrets (Extended Abstract)}},
  crossref  = {FOCS86},
  pages     = {162--167},
}

@Misc{gps-stalk,
  author = {Justin Scheck},
  title = {{Stalkers Exploit Cellphone GPS}},
  month = {August 3},
  year = {2010},
  note = {Wall Street Journal}
}

@inproceedings{groth2010multi,
  title={{Multi-query computationally-private information retrieval with constant communication rate}},
  author={Groth, Jens and Kiayias, Aggelos and Lipmaa, Helger},
  booktitle={International Workshop on Public Key Cryptography},
  pages={107--123},
  year={2010},
  organization={Springer}
}

@article{pir-search,
  title={{Relational-complete private information retrieval}},
  author={Reardon, Joel and Pound, Jeffrey and Goldberg, Ian},
  journal={University of Waterloo, Tech. Rep. CACR},
  volume={34},
  pages={2007},
  year={2007}
}

@Misc{price-disc,
  author = {Jennifer Valentino-Devries, Jeremy Singer-Vine and Ashkan Soltani},
  title = {{Websites Vary Prices, Deals Based on Users' Information}},
  month = {December 24},
  year = {2012},
  note = {Wall Street Journal}
}

@Misc{price-disc2,
  author = {Felix Salmon},
  title = {{Why the Internet is Perfect for Price Discrimination}},
  month = {September 3},
  year = {2013},
  note = {\url{http://blogs.reuters.com/felix-salmon/2013/09/03/why-the-internet-is-perfect-for-price-discrimination/}}
}

@inproceedings{hannak2014measuring,
  title={{Measuring price discrimination and steering on e-commerce web sites}},
  author={Hannak, Aniko and Soeller, Gary and Lazer, David and Mislove, Alan and Wilson, Christo},
  booktitle={Proceedings of the Conference on Internet Measurement Conference (IMC)},
  pages={305--318},
  year={2014},
}

@Misc{yelp-compromise,
  author={Jason Kincaid},
  title={{Another Security Hole Found on Yelp, Facebook Data Once Again Put at Risk}},
  month={May 11},
  year={2010},
  note={\url{http://techcrunch.com/2010/05/11/another-security-hole-found-on-yelp-facebook-data-once-again-put-at-risk/}}
}

@Misc{twitter-compromise,
  author={Fahmida Y. Rashid},
  title={{Twitter Breached, Attackers Stole 250,000 User Data}},
  month={February 2},
  year={2013},
  note={\url{http://securitywatch.pcmag.com/none/307708-twitter-breached-attackers-stole-250-000-user-data}}
}

@Misc{provider-leak,
  author = {Jeff Stone},
  title = {{Apple iCloud Hack: Obvious Security Flaw Patched after New Year's Day Disclosure}},
  month = {January 15},
  year = {2015},
  note = {\url{http://www.ibtimes.com/apple-icloud-hack-obvious-security-flaw-patched-after-new-years-day-disclosure-1773648}}
}

@inproceedings{goldberg,
  title={{Privacy-preserving queries over relational databases}},
  author={Olumofin, Femi and Goldberg, Ian},
  crossref={PETS10},
  pages={75--92},
}

@book{chor1997private,
  title={{Private information retrieval by keywords}},
  author={Chor, Benny and Gilboa, Niv and Naor, Moni},
  year={1997},
  publisher={Citeseer}
}

@incollection{fss,
  title={{Function secret sharing}},
  author={Boyle, Elette and Gilboa, Niv and Ishai, Yuval},
  crossref={EUROCRYPT15},
  pages={337--367},
}

@inproceedings{wu2016,
  title={{Privacy-preserving shortest path computation}},
  author={Wu, David J and Zimmerman, Joe and Planul, J{\'e}r{\'e}my and Mitchell, John C},
  crossref={NDSS16},
}

@inproceedings{lan2016embark,
  title={{Embark: Securely outsourcing middleboxes to the cloud}},
  author={Lan, Chang and Sherry, Justine and Popa, Raluca Ada and Ratnasamy, Sylvia and Liu, Zhi},
  crossref={NSDI16},
  pages={255--273},
}

@inproceedings{ben2008fairplaymp,
  title={{FairplayMP: A system for secure multi-party computation}},
  author={Ben-David, Assaf and Nisan, Noam and Pinkas, Benny},
  crossref={CCS08},
  pages={257--266},
}

@inproceedings{gruteser2003anonymous,
  title={{Anonymous usage of location-based services through spatial and temporal cloaking}},
  author={Gruteser, Marco and Grunwald, Dirk},
  booktitle={Proceedings of the 1st International Conference on Mobile Systems, Applications and Services},
  pages={31--42},
  year={2003},
}

@incollection{frontrunning,
  title={{Understanding domain registration abuses}},
  author={Coull, Scott E and White, Andrew M and Yen, Ting-Fang and Monrose, Fabian and Reiter, Michael K},
  booktitle={Security and Privacy--Silver Linings in the Cloud},
  pages={68--79},
  year={2010},
}

@Misc{openmp,
  author = {OpenMP},
  title = {{OpenMP}},
  note = {\url{http://www.openmp.org/}}
}

@Misc{openssl,
  author = {OpenSSL},
  title = {{OpenSSL}},
  note = {\url{https://openssl.org}}
}

@inproceedings{sassaman2005pynchon,
  title={{The Pynchon Gate: A secure method of pseudonymous mail retrieval}},
  author={Sassaman, Len and Cohen, Bram and Mathewson, Nick},
  booktitle={Proceedings of the ACM Workshop on Privacy in the Electronic Society},
  pages={1--9},
  year={2005},
}

@inproceedings{bellare2013efficient,
  title={{Efficient garbling from a fixed-key blockcipher}},
  author={Bellare, Mihir and Hoang, Viet Tung and Keelveedhi, Sriram and Rogaway, Phillip},
  crossref={IEEESP13},
  pages={478--492},
}

@article{chor1998private,
  title={{Private information retrieval}},
  author={Chor, Benny and Kushilevitz, Eyal and Goldreich, Oded and Sudan, Madhu},
  journal={Journal of the ACM (JACM)},
  volume={45},
  number={6},
  pages={965--981},
  year={1998},
}

@inproceedings{popcorn,
  title={{Scalable and private media consumption with Popcorn}},
  author={Gupta, Trinabh and Crooks, Natacha and Setty, Srinath TV and Alvisi, Lorenzo and Walfish, Michael},
  crossref={NSDI16},
  pages={91--107},
}

@inproceedings{blindbox,
  title={{Blindbox: Deep packet inspection over encrypted traffic}},
  author={Sherry, Justine and Lan, Chang and Popa, Raluca Ada and Ratnasamy, Sylvia},
  crossref={SIGCOMM15},
  pages={213--226},

}

@inproceedings{lorch2013shroud,
  title={{Shroud: Ensuring private access to large-scale data in the data center}},
  author={Lorch, Jacob R and Parno, Bryan and Mickens, James and Raykova, Mariana and Schiffman, Joshua},
  crossref={FAST13},
  pages={199--213},
}

@inproceedings{yao,
  title={{Foundations of garbled circuits}},
  author={Bellare, Mihir and Hoang, Viet Tung and Rogaway, Phillip},
  crossref={CCS12},
  pages={784--796},
}

@article{bailis2013eventual,
  title={{Eventual consistency today: Limitations, extensions, and beyond}},
  author={Bailis, Peter and Ghodsi, Ali},
  journal={Communications of the ACM},
  volume={56},
  number={5},
  pages={55--63},
  year={2013},
}

@article{mahmoud2013low,
  title={{Low-latency multi-datacenter databases using replicated commit}},
  author={Mahmoud, Hatem and Nawab, Faisal and Pucher, Alexander and Agrawal, Divyakant and El Abbadi, Amr},
  journal={Proceedings of the VLDB Endowment},
  volume={6},
  number={9},
  pages={661--672},
  year={2013},
}

@article{spanner,
  title={{Spanner: Google's globally distributed database}},
  author={Corbett, James C and Dean, Jeffrey and Epstein, Michael and Fikes, Andrew and Frost, Christopher and Furman, Jeffrey John and Ghemawat, Sanjay and Gubarev, Andrey and Heiser, Christopher and Hochschild, Peter and others},
  journal={ACM Transactions on Computer Systems (TOCS)},
  volume={31},
  number={3},
  pages={8},
  year={2013},
}

@Misc{atlantic,
  author = {Daniel Indiviglio},
  title = {{Most Internet Users Willing to Pay for Privacy}},
  month = {December 22},
  year = {2010},
  note = {\url{http://www.theatlantic.com/business/archive/2010/12/most-internet-users-willing-to-pay-for-privacy/68443/}}
}

@inproceedings{narayanan2011location,
  title={{Location privacy via private proximity testing}},
  author={Narayanan, Arvind and Thiagarajan, Narendran and Lakhani, Mugdha and Hamburg, Michael and Boneh, Dan},
  crossref={NDSS11},
  year={2011}
}

@Misc{atlantic2,
  author = {Rebecca J. Rosen},
  title = {{Study: Consumers Will Pay $\$$5 for an App that Respects their Privacy}},
  month = {December 26},
  year = {2013},
  note = {\url{http://www.theatlantic.com/technology/archive/2013/12/study-consumers-will-pay-5-for-an-app-that-respects-their-privacy/282663/}}
}

@Misc{yelp-data,
  author = {Yelp},
  title = {{Yelp Academic Dataset}},
  note = {\url{https://www.yelp.com/dataset_challenge/dataset}}
}

@Misc{dimacs,
  author = {DIMACS},
  title = {{9th DIMACS Implementation Challenge - Shortest Paths}},
  note = {\url{http://www.dis.uniroma1.it/challenge9/download.shtml}}
}

@Misc{osm,
	author={OpenStreetMap},
	title={{OpenStreetMap}},
	note={\url{https://www.openstreetmap.org/}}
}

@article{bast2015route,
  title={{Route planning in transportation networks}},
  author={Bast, Hannah and Delling, Daniel and Goldberg, Andrew and M{\"u}ller-Hannemann, Matthias and Pajor, Thomas and Sanders, Peter and Wagner, Dorothea and Werneck, Renato F},
  journal={arXiv preprint arXiv:1504.05140},
  year={2015}
}

@incollection{tnr,
  title={{Transit node routing reconsidered}},
  author={Arz, Julian and Luxen, Dennis and Sanders, Peter},
  booktitle={Experimental Algorithms},
  pages={55--66},
  year={2013},
}

@article{bast2007fast,
  title={{Fast routing in road networks with transit nodes}},
  author={Bast, Holger and Funke, Stefan and Sanders, Peter and Schultes, Dominik},
  journal={Science},
  volume={316},
  number={5824},
  pages={566--566},
  year={2007},
}

@article{bast2009ultrafast,
  title={{Ultrafast shortest-path queries via transit nodes}},
  author={Bast, Holger and Funke, Stefan and Matijevic, Domagoj},
  journal={The Shortest Path Problem: Ninth DIMACS Implementation Challenge},
  volume={74},
  pages={175--192},
  year={2009},
}

@Misc{kayak,
  author = {Kayak},
  title = {{Kayak}},
  note = {\url{https://www.kayak.com}}
}

@Misc{osrm,
	author={OSRM},
	title={{Project OSRM}},
	note={\url{http://project-osrm.org/}}
}

@Misc{enigma,
  author = {Enigma},
  title = {{Arrival Data for Non-Stop Domestic Flights by Major Air Carriers for 2012}},
  note = {\url{https://app.enigma.io/table/us.gov.dot.rita.trans-stats.on-time-performance.2012}}
}

@Misc{gmp,
  author = {Free Software Foundation},
  title = {{GNU Multi Precision Arithmetic Library}},
  note = {\url{https://gmplib.org/}}
}


@Misc{ec2-pricing,
  author = {Amazon},
  title = {{Amazon EC2 Instance Pricing}},
  note = {\url{https://aws.amazon.com/ec2/pricing/}}
}

@article{matyas1985,
  title={{Generating strong one-way functions with cryptographic algorithms}},
  author={Matyas, Stephen M and Meyer, Carl H and Oseas, Jonathan},
  journal={IBM Technical Disclosure Bulletin},
  volume={27},
  number={10A},
  pages={5658--5659},
  year={1985}
}

@inproceedings{paillier,
  title={Public-key cryptosystems based on composite degree residuosity classes},
  author={Paillier, Pascal},
  crossref={EUROCRYPT99},
  pages={223--238},
}

@article{paillierprg,
  title={{An efficient pseudo-random generator with applications to public-key encryption and constant-round multiparty computation}},
  author={Damg{\aa}rd, Ivan and Nielsen, Jesper Buus},
  journal={IACR Cryptology ePrint Archive},
  volume={2014},
  pages={24},
  year={2014}
}
@incollection{boneh1998decision,
  title={{The Decision Diffie-Hellman problem}},
  author={Boneh, Dan},
  booktitle={Algorithmic number theory},
  pages={48--63},
  year={1998},
}

@inproceedings{dodis2016spooky,
  title={{Spooky encryption and its applications}},
  author={Dodis, Yevgeniy and Halevi, Shai and Rothblum, Ron and Wichs, Daniel},
  crossref={CRYPTO16},
  pages={93--122},
}

@incollection{ostrovsky2007survey,
  title={{A survey of single-database private information retrieval: Techniques and applications}},
  author={Ostrovsky, Rafail and Skeith III, William E},
  booktitle={Public Key Cryptography (PKC)},
  pages={393--411},
  year={2007},
}

@incollection{olumofin2011revisiting,
  title={{Revisiting the computational practicality of private information retrieval}},
  author={Olumofin, Femi and Goldberg, Ian},
  booktitle={Financial Cryptography and Data Security},
  pages={158--172},
  year={2011},
}

@inproceedings{ravichandran2009capturing,
  title={{Capturing social networking privacy preferences}},
  author={Ravichandran, Ramprasad and Benisch, Michael and Kelley, Patrick Gage and Sadeh, Norman M},
  crossref={PETS09},
  pages={1--18},
}

@article{riley2008tolls,
  title={{The Tolls of Privacy: An underestimated roadblock for electronic toll collection usage}},
  author={Riley, Patrick F},
  journal={Computer Law \& Security Review},
  volume={24},
  number={6},
  pages={521--528},
  year={2008},
}

@inproceedings{friedland2010cybercasing,
  title={{Cybercasing the Joint: On the privacy implications of geo-tagging}},
  author={Friedland, Gerald and Sommer, Robin},
  booktitle={HotSec},
  year={2010}
}

@incollection{gilboa2014distributed,
  title={{Distributed point functions and their applications}},
  author={Gilboa, Niv and Ishai, Yuval},
  crossref={EUROCRYPT14},
  pages={640--658},
}

@inproceedings{goldwasser1997multi,
  title={{Multi party computations: past and present}},
  author={Goldwasser, Shafi},
  booktitle={Proceedings of the 16th Annual ACM Symposium on Principles of Distributed Computing (PDC)},
  pages={1--6},
  year={1997},
}

@misc{hipaa,
  key = {hipaa},
  title = {{Health Insurance Portability and Accountability Act}},
  note = {\url{https://en.wikipedia.org/wiki/Health_Insurance_Portability_and_Accountability_Act}}
}

@article{fenwick-trees,
 author = {Fenwick, Peter M.},
 title = {{A new data structure for cumulative frequency tables}},
 journal = {Software -- Practice and Experience},
 issue_date = {March 1994},
 volume = {24},
 number = {3},
 month = mar,
 year = {1994},
 issn = {0038-0644},
 pages = {327--336},
} 

@InProceedings{cobweb,
	author = {F. Wang and Y. Joung and J. Mickens},
	title = {{Cobweb: Practical Remote Attestation Using Contextual Graphs}},
	booktitle = {{Proceedings of SysTEX}},
	year = {2017},
	pages = {},
	location = {Shanghai, China},
}

@InProceedings{dstar,
	author = {N. Zeldovich and S. Boyd-Wickizer and D. Mazieres},
	title = {{Securing Distributed Systems with Information Flow Control}},
	booktitle = {{Proceedings of NSDI}},
	year = {2008},
	pages = {293--308},
	location = {San Francisco, CA},
}

@misc{safeBrowsing,
	author = {{Google}},
	title = {{What is Safe Browsing?}},
	note = {\url{https://developers.google.com/safe-browsing/}},
}

@misc{spamAssassin,
	author = {{Apache}},
	title = {{Apache SpamAssassin: Open-source Spam Filter}},
	note = {\url{http://spamassassin.apache.org/}},
	year = {2018},
}

@misc{adBlockers,
	author = {J. Corpuz},
	title = {{Best Ad Blockers and Privacy Extensions: Chrome, Safari, Firefox, and IE}},
	note = {Tom's Guide. \url{https://www.tomsguide.com/us/pictures-story/565-best-adblockers-privacy-extensions.html}},
}

@misc{busybox,
	author = {D. Vlasenko},
	title = {{BusyBox: The Swiss Army Knife of Embedded Linux}},
	note = {\url{https://busybox.net/about.html}},
}

@misc{smallImages,
	author = {D. Miller},
	title = {{Tips to Reduce Docker Image Sizes}},
	note = {\url{}},
}

@misc{wildcarding,
	author = {{GoDaddy}},
	title = {{What is a Wildcard SSL certificate?}},
	note = {\url{https://www.godaddy.com/help/what-is-a-wildcard-ssl-certificate-567}},
}

@misc{turtl,
	author = {{Lyon Brothers Enterprises}},
	title = {{Turtl: Find Your Private Space}},
	note = {\url{https://turtlapp.com/}},
}

@misc{flask,
	author = {{Armin Ronacher}},
	title = {{Flask}},
	note = {\url{http://flask.pocoo.org/}},
}

@misc{ab,
	author = {{The Apache Foundation}},
	title = {{Apache Benchmark}},
	note = {\url{https://httpd.apache.org/docs/2.4/programs/ab.html}}
}

@misc{minitwit,
	author = {{Armin Ronacher}},
	title = {{Minitwit}},
	note = {\url{https://github.com/pallets/flask/blob/master/examples/minitwit/}}
}


@misc{netem,
	author = {{The Linux Foundation}},
	title = {{netem}},
	note = {\url{https://wiki.linuxfoundation.org/networking/netem}}
}

@misc{tbf,
	author = {{The Linux Foundation}},
	title = {{Token Bucket Filter man page}},
	note = {\url{https://linux.die.net/man/8/tc-tbf}}
}

@misc{dockerpypyimages,
	author = {{Docker}},
	title = {{Docker PyPy Images}},
	note = {\url{https://hub.docker.com/_/pypy/}}
}


@misc{linuxbridge,
	author = {{The Linux Foundation}},
	title = {{Linux Network Bridge}},
	note = {\url{https://wiki.linuxfoundation.org/networking/bridge}}
}


@InProceedings{flume,
	author = {M. Krohn and A. Yip and M. Brodsky and N. Cliffer and M. F. Kaashoek and E. Kohler and R. Morris},
	title = {{Information Flow Control for Standard OS Abstractions}},
	booktitle = {{Proceedings of SOSP}},
	year = {2007},
	pages = {},
	location = {Stevenson, WA},
}

@inproceedings{hails,
	title={{Hails: Protecting Data Privacy in Untrusted Web Applications.}},
	author={Giffin, Daniel B and Levy, Amit and Stefan, Deian and Terei, David and Mazieres, David and Mitchell, John C and Russo, Alejandro},
	booktitle={{Proceedings of OSDI}},
	volume={12},
	pages={47--60},
	year={2012}
}


@inproceedings{schwartz2010all,
	title={All you ever wanted to know about dynamic taint analysis and forward symbolic execution (but might have been afraid to ask)},
	author={Schwartz, Edward J and Avgerinos, Thanassis and Brumley, David},
	booktitle={{Proceedings of the IEEE Symposium on Security and Privacy}},
	pages={317--331},
	year={2010},
}

@article{ermolinskiy2010towards,
	title={Towards practical taint tracking},
	author={Ermolinskiy, Andrey and Katti, Sachin and Shenker, Scott and Fowler, L and McCauley, Murphy},
	journal={{EECS Department, University of California, Berkeley, Tech. Rep. UCB/EECS-2010-92}},
	year={2010},
	publisher={Citeseer}
}

@inproceedings{dafny,
	title={{Dafny: An automatic program verifier for functional correctness}},
	author={Leino, K Rustan M},
	booktitle={{International Conference on Logic for Programming Artificial Intelligence and Reasoning}},
	pages={348--370},
	year={2010},
	organization={Springer}
}

@inproceedings{qemu,
	title={{QEMU, a fast and portable dynamic translator.}},
	author={Bellard, Fabrice},
	booktitle={{USENIX Annual Technical Conference, FREENIX Track}},
	pages={41--46},
	year={2005}
}

@article{taintdroid,
	title={{TaintDroid: an information-flow tracking system for realtime privacy monitoring on smartphones}},
	author={Enck, William and Gilbert, Peter and Han, Seungyeop and Tendulkar, Vasant and Chun, Byung-Gon and Cox, Landon P and Jung, Jaeyeon and McDaniel, Patrick and Sheth, Anmol N},
	journal={{ACM Transactions on Computer Systems (TOCS)}},
	volume={32},
	number={2},
	pages={5},
	year={2014},
	publisher={ACM}
}

@inproceedings{pointless,
	title={{Pointless tainting?: evaluating the practicality of pointer tainting}},
	author={Slowinska, Asia and Bos, Herbert},
	booktitle={{Proceedings of the 4th ACM European conference on Computer systems}},
	pages={61--74},
	year={2009},
	organization={ACM}
}

@inproceedings{ironclad,
	title={{Ironclad Apps: End-to-End Security via Automated Full-System Verification.}},
	author={Hawblitzel, Chris and Howell, Jon and Lorch, Jacob R and Narayan, Arjun and Parno, Bryan and Zhang, Danfeng and Zill, Brian},
	booktitle={{Proceedings of OSDI}},
	pages={165--181},
	year={2014}
}

@InProceedings{resin,
	author = {A. Yip and X. Wang and N. Zeldovich and M. Frans Kaashoek},
	title = {{Improving Application Security with Data Flow Assertions}},
	booktitle = {{Proceedings of SOSP}},
	year = {2009},
	pages = {291--304},
	location = {Big Sky, MT},
}

@InProceedings{sif,
	author = {S. Chong and K. Vikram and A. Myers},
	title = {{SIF: Enforcing Confidentiality and Integrity in Web Applications}},
	booktitle = {Proceedings of USENIX Security},
	year = {2007},
	pages = {1--16},
	location = {Boston, MA}
}

@article{jif,
	author = {A. Myers and B. Liskov},
	title = {{Protecting Privacy Using the Decentralized Label Model}},
	journal = {{ACM Transactions on Software Engineering and Methodology}},
	year = {2000},
	volume = {9},
	number = {4},
	pages = {410--442}
}

@InProceedings{fabric,
	author = {J. Liu and M. George and K. Vikram and X. Qi and L. Waye and A. Myers},
	title = {{Fabric: A Platform for Secure Distributed Computation and Storage}},
	booktitle = {Proceedings of SOSP},
	year = {2009},
	month = {October},
	pages = {321--334},
	location = {Big Sky, MT}
}

@InProceedings{jifSplit,
	author = {A. Zdancewic and L. Zheng and N. Nystrom and A. Myers},
	title = {{Untrusted Hosts and Confidentiality: Secure Program Partitioning}},
	booktitle = {Proceedings of SOSP},
	year = {2001},
	pages = {1--14},
	location = {Banff, Canada},
}

@InProceedings{ryoan,
	author = {T. Hunt and Z. Zhu and Y. Xu and S. Peter and E. Witchel},
	title = {{Ryoan: A Distributed Sandbox for Untrusted Computation on Secret Data}},
	booktitle = {Proceedings of OSDI},
	year = {2016},
	pages = {533--549},
	location = {Savannah, GA}
}

@InProceedings{haven,
	author = {A. Baumann and M. Peinado and G. Hunt},
	title = {{Shielding Applications from an Untrusted Cloud with Haven}},
	booktitle = {Proceedings of OSDI},
	year = {2014},
	pages = {267--283},
	location = {Broomfield, CO}
}

@misc{sgx,
	author = {V. Costan and S. Devadas},
	title = {{Intel SGX Explained}},
	year = {2017},
	month = {February 20,},
	note = {Cryptology ePrint Archive: Version 20170221:054353. \url{https://eprint.iacr.org/2016/086.pdf}}
}

@misc{ashleyMadison,
	author = {K. Zetter},
	title = {{Hackers Finally Post Stolen Ashley Madison Data}},
	year = {2015},
	month = {August 18,},
	note = {Wired. \url{https://www.wired.com/2015/08/happened-hackers-posted-stolen-ashley-madison-data/}}
}

@inproceedings{schoepe2014selinq,
	title={SeLINQ: tracking information across application-database boundaries},
	author={Schoepe, Daniel and Hedin, Daniel and Sabelfeld, Andrei},
	booktitle={ACM SIGPLAN Notices},
	volume={49},
	number={9},
	pages={25--38},
	year={2014},
	organization={ACM}
}

@inproceedings{schultz2013ifdb,
	title={IFDB: decentralized information flow control for databases},
	author={Schultz, David and Liskov, Barbara},
	booktitle={Proceedings of the 8th ACM European Conference on Computer Systems},
	pages={43--56},
	year={2013},
	organization={ACM}
}

@inproceedings{YangHASFC16,
	author = {Yang, Jean and Hance, Travis and Austin, Thomas H. and Solar-Lezama, Armando and Flanagan, Cormac and Chong, Stephen},
	title = {Precise, Dynamic Information Flow for Database-backed Applications},
	booktitle = {Proceedings of the 37th ACM SIGPLAN Conference on Programming Language Design and Implementation},
	series = {PLDI 2016},
	year = {2016},
	pages = {631--647},
	publisher = {ACM},
	address = {New York, NY, USA},
	keywords = {Web frameworks, information flow},
}


@misc{whatsAppSued,
	author = {P. Sayer},
	title = {{German consumer groups sue WhatsApp over privacy policy changes}},
	year = {2017},
	month = {January 30,},
	note = {PCWorld. \url{http://www.pcworld.com/article/3163027/private-cloud/german-consumer-groups-sue-whatsapp-over-privacy-policy-changes.html}}
}

@misc{badCharities,
	author = {A. Booth},
	title = {{Charities hit with fines for sharing donors' data without consent}},
	year = {2016},
	month = {December 7,},
	note = {Sophos Naked Security Blog. \url{https://nakedsecurity.sophos.com/2016/12/07/charities-hit-with-fines-for-sharing-donors-data-without-consent/}}
}

@misc{gdpr,
	author = {{EU Parliament}},
	title = {{GDPR Portal}},
	year = {2017},
	month = {},
	note = {\url{http://www.eugdpr.org/eugdpr.org.html}}
}

@misc{pypyBenchmarks,
	author = {{PyPy}},
	title = {{PyPy Benchmarks}},
	note = {\url{https://bitbucket.org/pypy/benchmarks}}
}

@misc{conveyor,
	author = {{Remind}},
	title = {{Conveyor}},
	note = {\url{https://github.com/remind101/conveyor}}
}



@inproceedings{panorama,
	title={Panorama: capturing system-wide information flow for malware detection and analysis},
	author={Yin, Heng and Song, Dawn and Egele, Manuel and Kruegel, Christopher and Kirda, Engin},
	booktitle={{Proceedings of the 14th ACM conference on Computer and communications security}},
	pages={116--127},
	year={2007},
	organization={ACM}
}

@inproceedings{jeeves12,
	title={A language for automatically enforcing privacy policies},
	author={Yang, Jean and Yessenov, Kuat and Solar-Lezama, Armando},
	booktitle={{ACM SIGPLAN Notices}},
	volume={47},
	number={1},
	pages={85--96},
	year={2012},
	organization={ACM}
	
}

@inproceedings{jeeves13,
	title={Faceted execution of policy-agnostic programs},
	author={Austin, Thomas H and Yang, Jean and Flanagan, Cormac and Solar-Lezama, Armando},
	booktitle={{Proceedings of the Eighth ACM SIGPLAN workshop on Programming languages and analysis for security}},
	pages={15--26},
	year={2013},
	organization={ACM}
}

@misc{thrift,
	author = {{Apache Software Foundation}},
	title = {{Apache Thrift}},
	note = {\url{https://thrift.apache.org/}}
}

@misc{pypy,
	author = {{PyPy}},
	title = {{PyPy}},
	note = {\url{https://pypy.org/}}
}

@misc{jni,
	author = {{Oracle Corporation}},
	title = {{Java Native Interface}},
	note = {\url{http://docs.oracle.com/javase/8/docs/technotes/guides/jni/}}
}

@misc{requestslib,
	author = {{Kenneth Reitz}},
	title = {{Requests: HTTP for Humans}},
	note = {\url{http://docs.python-requests.org/en/master/}}
}

@misc{grub2,
	author = {{CoreOS}},
	title = {{GRand Unified Bootloader 2.0}},
	note = {\url{https://github.com/coreos/grub}}
}

@misc{linuxima,
	author = {{Linux}},
	title = {{Integrity Measurement Architecture}},
	note = {\url{https://sourceforge.net/p/linux-ima/wiki/Home/}}
}


@misc{tpmspec,
	author = {{Trusted Computing Group}},
	title = {{TPM 2.0 Library Specification}},
	note = {\url{https://trustedcomputinggroup.org/tpm-library-specification/}}
}

@misc{crb,
	author = {{Linux}},
	title = {{TPM 2.0 support for FIFO and CRB interfaces}},
	note = {\url{https://lwn.net/Articles/624241/}}
}

@misc{tcg,
	author = {{Trusted Computing Group}},
	title = {{TPM 2.0 Mobile Command Response Buffer Interface}},
	note = {\url{https://trustedcomputinggroup.org/wp-content/uploads/Mobile-Command-Response-Buffer-Interface-v2-r12-Specification_FINAL2.pdf}}
}

@misc{tsslib,
	author = {{IBM}},
	title = {{TPM 2.0 TSS}},
	note = {\url{https://sourceforge.net/projects/ibmtpm20tss/}}
}


@misc{dockerpy,
	author = {{Docker}},
	title = {{Docker SDK for Python}},
	note = {\url{https://docker-py.readthedocs.io/en/stable/}}
}

@misc{docker,
	author = {{Docker}},
	title = {{Docker}},
	note = {\url{https://docker.com}}
}

@misc{fileattr,
	author = {{Jeffrey B. Layton}},
	title = {{Extended File Attribute Rock!}},
	note = {\url{http://www.linux-mag.com/id/8741/}},
	year = {2011},
}

@inproceedings{jsflow,
	title={{JSFlow: Tracking information flow in JavaScript and its APIs}},
	author={Hedin, Daniel and Birgisson, Arnar and Bello, Luciano and Sabelfeld, Andrei},
	booktitle={{Proceedings of the 29th Annual ACM Symposium on Applied Computing}},
	pages={1663--1671},
	year={2014},
	organization={ACM}
}

@misc{tpmchip,
	author = {{Trusted Computing Group}},
	title = {{Trusted Platform Module (TPM) Summary}},
	note = {\url{https://trustedcomputinggroup.org/trusted-platform-module-tpm-summary/}}
}

@article{livshits2012dynamic,
	title={Dynamic taint tracking in managed runtimes},
	author={Livshits, Benjamin},
	journal={{Technical Report MSR-TR-2012-114, Microsoft}},
	year={2012},
	publisher={Citeseer}
}

@article{nair2008virtual,
	title={A virtual machine based information flow control system for policy enforcement},
	author={Nair, Srijith K and Simpson, Patrick ND and Crispo, Bruno and Tanenbaum, Andrew S},
	journal={{Electronic Notes in Theoretical Computer Science}},
	volume={197},
	number={1},
	pages={3--16},
	year={2008},
	publisher={Elsevier}
}

@inproceedings{chandra2007fine,
	title={Fine-grained information flow analysis and enforcement in a java virtual machine},
	author={Chandra, Deepak and Franz, Michael},
	booktitle={{Proceedings of Computer Security Applications Conference.}},
	pages={463--475},
	year={2007},
	organization={IEEE}
}

@misc{django,
	author = {{Django Software Foundation}},
	title = {{Django}},
	note = {\url{https://www.djangoproject.com/}}
}

@misc{twisted,
	author = {{Twisted Matrix Labs}},
	title = {{Twisted}},
	note = {\url{https://twistedmatrix.com/trac/}}
}

@misc{speedtest,
	author = {{Ookla}},
	title = {{Speedtest Market Report: United States}},
	note = {\url{http://www.speedtest.net/reports/united-states/}}
}

@misc{runlevels,
	author = {{The Linux Documentation Project}},
	title = {{Linux System Run Levels}},
	note = {\url{http://www.tldp.org/LDP/sag/html/run-levels-intro.html}}
}

@misc{ionicBackup,
	author = {{Frankie Primerano}},
	title = {{Ionic Backup}},
	note = {\url{https://github.com/Max00355/IonicBackup}}
}

@inproceedings{pastry,
	title={{Pastry: Scalable, decentralized object location, and routing for large-scale peer-to-peer systems}},
	author={{Rowstron, Antony and Druschel, Peter}},
	booktitle={{IFIP/ACM International Conference on Distributed Systems Platforms and Open Distributed Processing}},
	pages={329--350},
	year={2001},
	organization={Springer}
}

@article{chord,
	title={{Chord: A scalable peer-to-peer lookup service for internet applications}},
	author={{Stoica, Ion and Morris, Robert and Karger, David and Kaashoek, M Frans and Balakrishnan, Hari}},
	journal={{ACM SIGCOMM Computer Communication Review}},
	volume={31},
	number={4},
	pages={149--160},
	year={2001},
	publisher={ACM}
}

@misc{thriftyp2p,
	author = {{Adam Lindsay}},
	title = {{Thrifty P2P}},
	note = {\url{https://github.com/atl/thrifty-p2p}}
}

@misc{benchmarkInfo,
	author = {{Python}},
	title = {{Python Benchmark Descriptions}},
	note = {\url{http://pyperformance.readthedocs.io/benchmarks.html#available-benchmarks}}
}

@inproceedings{bichhawat14,
	title={{Information flow control in WebKit's JavaScript bytecode}},
	author={{Bichhawat, Abhishek and Rajani, Vineet and Garg, Deepak and Hammer, Christian}},
	booktitle={{International Conference on Principles of Security and Trust}},
	pages={159--178},
	year={2014},
	organization={Springer}
}

@article{austin09,
	title={{Efficient purely-dynamic information flow analysis}},
	author={{Austin, Thomas H and Flanagan, Cormac}},
	journal={ACM Sigplan Notices},
	volume={44},
	number={8},
	pages={20--31},
	year={2009},
	publisher={ACM}
}

@InProceedings{hedin11,
	author = {D. Hedin and A. Sabelfeld},
	title = {{A Perspective on Information-Flow Control}},
	booktitle = {Proceedings of the 2011 Marktoberdorf Summer School},
	year = {2001},
	month = {August},
	location = {Munchen, Germany}
}

@InProceedings{li03,
	author = {P. Li and Y. Mao and S. Zdancewic},
	title = {{Information Integrity Policies}},
	booktitle = {Proceedings of the Workshop on Formal Aspects in Security and Trust},
	year = {2003},
	month = {September},
	location = {Pisa, Italy}
}

@article{remoteAttestation,
	author = {G. Coker and J. Guttman and P. Loscocco and A. Herzog and J. Millen and B. O'Hanlon and J. Ramsdell and A. Segall and B. Sniffen},
	title = {{Principles of remote attestation}},
	journal = {International Journal of Information Security},
	number = {2},
	volume = {10},
	year = {2011},
	month = {June},
	pages = {63--81}
}

@InProceedings{camflow,
	author = {T. Pasquier and J. Singh and J. Bacon and D. Eyers},
	title = {{Information Flow Audit for PaaS Clouds}},
	booktitle = {{Proceedings of the IEEE International Conference on Cloud Engineering}},
	year = {2016},
	pages = {42--51},
	location = {Berlin, Germany},
}

@InProceedings{legalese,
	author = {S. Sen and S. Guha and A. Datta and S. Rajamani and J. Tsai and J. Wing},
	title = {{Bootstrapping Privacy Compliance in Big Data Systems}},
	booktitle = {{Proceedings of the IEEE Symposium on Security and Privacy}},
	year = {2014},
	pages = {327--342},
	location = {San Jose, CA},
}

@InProceedings{thoth,
	author = {E. Elnikety and A. Mehta and A. Vahldiek-Oberwagner and D. Garg and P. Druschel},
	title = {{Thoth: Comprehensive Policy Compliance in Data Retrieval Systems}},
	booktitle = {{Proceedings of USENIX Security}},
	year = {2016},
	pages = {637--654},
	location = {Austin, TX},
}